@string{aa = {Astron. Astrophys.}}
@string{advg = {Adv. Geophys.}}
@string{AG = {Astron. Geophys.}}
@string{arep = {Ann. Rev. Earth Planet. Sci.}}
@string{bgsa = {Bull. Geol. Soc. Am.}}
@string{br = {Basin Research}}
@string{bssa = {Bull. Seis. Soc. Am.}}
@string{cjeg = {Cana. J. Expl. Geophys.}}
@string{cjes = {Can. J. Earth Sci.}}
@string{eos = {EOS Trans. AGU}}
@string{epsl = {Earth Planet. Sci. Lett.}}
@string{gji = {Geophys. J. Int.}}
@string{gjras = {Geophys. J. R. Astr. Soc.}}
@string{grl = {Geophys. Res. Lett.}}
@string{gslsp = {Geol. Soc. Lond. Spec. Pub.}}
@string{gsa = {Geol. Soc. Am.}}
@string{gsasp = {Geol. Soc. Am. Spec. Pub.}}
@string{GPROS = {Geophys. Prospect.}}
@string{G3 = {Geochem. Geophys. Geosyst.}}
@string{GC = {Geochem. Geophys. Geosyst.}}
@string{jafes = {J. Afr. Earth Sci.}}
@string{jap = {J. Approx. Theory}}
@string{jfm = {J. Fluid Mech.}}
@string{jg = {J. Geophys.}}
@string{jgr = {J. Geophys. Res.}}
@string{jgsl = {J. Geol. Soc. Lond.}}
@string{jog = {J. Geol.}}
@string{jpe = {J. Phys. Earth}}
@string{jpet = {J. Petrol.}}
@string{jvgr = {J. Volcanol. Geotherm. Res.}}
@string{mg = {Marine Geology}}
@string{n = {Nature}}
@string{ngeo = {Nat. Geosci.}}
@string{nps = {Nature Phys. Sci.}}
@string{pag = {Pure Appl. Geophs.}}
@string{pepi = {Phys. Earth Planet. Int.}}
@string{ppp = {Palaeogeography, Palaeoclimatology, Palaeoecology}}
@string{pres = {Precamb. Res.}}
@string{prsa = {Proc. R. Soc. Lond. A}}
@string{prsl = {Proc. R. Soc. Lond.}}
@string{ptrs = {Phil. Trans. R. Soc. Lond.}}
@string{ptrsa = {Phil. Trans. R. Soc. Lond. A}}
@string{qjras = {Quart. J. R. Astr. Soc.}}
@string{rg = {Rev. Geophys.}}
@string{s = {Science}}
@string{sg = {Surveys in Geophys.}}
@string{srl = {Seis. Res. Lett.}}
@string{t = {Tectonics}}
@string{tec = {Tectonophysics}}
@string{tecto = {Tectonophysics}}

@phdthesis{guasch20123d,
  title={3D elastic full-waveform inversion},
  author={Guasch, Lluis},
  year={2012},
  school={Imperial College London}
}

@article{lange2016devito, 
  title={Devito: Towards a generic Finite Difference DSL using Symbolic Python},
  author={Lange, Michael and Kukreja, Navjot and Louboutin, Mathias and Luporini, Fabio and Vieira, Felippe and Pandolfo, Vincenzo and Velesko, Paulius and Kazakas, Paulius and Gorman, Gerard},
  journal={arXiv preprint arXiv:1609.03361},
  year={2016}
}

@article{graves1996simulating,
  title={Simulating seismic wave propagation in 3D elastic media using staggered-grid finite differences},
  author={Graves, Robert W},
  journal={Bulletin of the Seismological Society of America},
  volume={86},
  number={4},
  pages={1091--1106},
  year={1996},
  publisher={Seismological Society of America}
}

@article{pratt1998gauss,
  title={Gauss--Newton and full Newton methods in frequency--space seismic waveform inversion},
  author={Pratt, R Gerhard and Shin, Changsoo and Hick, GJ},
  journal={Geophysical Journal International},
  volume={133},
  number={2},
  pages={341--362},
  year={1998},
  publisher={Oxford University Press}
}

@article{tarantola1984inversion,
  title={Inversion of seismic reflection data in the acoustic approximation},
  author={Tarantola, Albert},
  journal={Geophysics},
  volume={49},
  number={8},
  pages={1259--1266},
  year={1984},
  publisher={Society of Exploration Geophysicists}
}

@article{virieux2009overview,
  title={An overview of full-waveform inversion in exploration geophysics},
  author={Virieux, Jean and Operto, St{\'e}phane},
  journal={Geophysics},
  volume={74},
  number={6},
  pages={WCC1--WCC26},
  year={2009},
  publisher={Society of Exploration Geophysicists}
}

@book{tarantola2005inverse,
  title={Inverse problem theory and methods for model parameter estimation},
  author={Tarantola, Albert},
  year={2005},
  publisher={siam}
}

@article{han2014seismic,
  title={Seismic waveform inversion using the finite-difference contrast source inversion method},
  author={Han, Bo and He, Qinglong and Chen, Yong and Dou, Yixin},
  journal={Journal of Applied Mathematics},
  volume={2014},
  year={2014},
  publisher={Hindawi Publishing Corporation}
}

@article{warner2013anisotropic,
  title={Anisotropic 3D full-waveform inversion},
  author={Warner, Michael and Ratcliffe, Andrew and Nangoo, Tenice and Morgan, Joanna and Umpleby, Adrian and Shah, Nikhil and Vinje, Vetle and {\v{S}}tekl, Ivan and Guasch, Llu{\'\i}s and Win, Caroline and others},
  journal={Geophysics},
  volume={78},
  number={2},
  pages={R59--R80},
  year={2013},
  publisher={Society of Exploration Geophysicists}
}

@misc{robertson1967topological,
  title={Topological vector spaces},
  author={Robertson, Wendy and Schaefer, HH},
  year={1967},
  publisher={JSTOR}
}

@article{alterman1968propagation,
  title={Propagation of elastic waves in layered media by finite difference methods},
  author={Alterman, Z and Karal, FC},
  journal={Bulletin of the Seismological Society of America},
  volume={58},
  number={1},
  pages={367--398},
  year={1968},
  publisher={Seismological Society of America}
}

@book{ambartsumian1998life,
  title={A life in astrophysics: Selected papers of Viktor A. Ambartsumian},
  author={Ambartsumian, Rouben V},
  year={1998}
}

@article{sambridge1992genetic,
  title={Genetic algorithms in seismic waveform inversion},
  author={Sambridge, Malcolm and Drijkoningen, Guy},
  journal={Geophysical Journal International},
  volume={109},
  number={2},
  pages={323--342},
  year={1992},
  publisher={Oxford University Press}
}

@article{gauthier1986two,
  title={Two-dimensional nonlinear inversion of seismic waveforms: Numerical results},
  author={Gauthier, Odile and Virieux, Jean and Tarantola, Albert},
  journal={Geophysics},
  volume={51},
  number={7},
  pages={1387--1403},
  year={1986},
  publisher={Society of Exploration Geophysicists}
}


@article{luo1991wave,
  title={Wave-equation traveltime inversion},
  author={Luo, Yi and Schuster, Gerard T},
  journal={Geophysics},
  volume={56},
  number={5},
  pages={645--653},
  year={1991},
  publisher={Society of Exploration Geophysicists}
}

@article{wang2015frequencies,
  title={Frequencies of the Ricker wavelet},
  author={Wang, Yanghua},
  journal={Geophysics},
  volume={80},
  number={2},
  pages={A31--A37},
  year={2015},
  publisher={Society of Exploration Geophysicists}
}

@inproceedings{yoon2004challenges,
  title={Challenges in reverse-time migration},
  author={Yoon, Kwangjin and Marfurt, Kurt J and Starr, William and others},
  booktitle={2004 SEG Annual Meeting},
  year={2004},
  organization={Society of Exploration Geophysicists}
}


@article{pratt1999seismic,
  title={Seismic waveform inversion in the frequency domain, Part 1: Theory and verification in a physical scale model},
  author={Pratt, R Gerhard},
  journal={Geophysics},
  volume={64},
  number={3},
  pages={888--901},
  year={1999},
  publisher={Society of Exploration Geophysicists}
}

@article{bourgeois1991marmousi,
  title={Marmousi, model and data},
  author={Bourgeois, Aline and Bourget, Marielle and Lailly, Patriek and Poulet, Michel and Ricarte, Patrice and Versteeg, Roelof},
  journal={The Marmousi experience: EAGE},
  pages={5--16},
  year={1991}
}

@article{virieux2009overview,
  title={An overview of full-waveform inversion in exploration geophysics},
  author={Virieux, Jean and Operto, St{\'e}phane},
  journal={Geophysics},
  volume={74},
  number={6},
  pages={WCC1--WCC26},
  year={2009},
  publisher={Society of Exploration Geophysicists}
}

@article{levander1988fourth,
  title={Fourth-order finite-difference P-SV seismograms},
  author={Levander, Alan R},
  journal={Geophysics},
  volume={53},
  number={11},
  pages={1425--1436},
  year={1988},
  publisher={Society of Exploration Geophysicists}
}

@article{metivier2016seiscope,
  title={The SEISCOPE optimization toolbox: A large-scale nonlinear optimization library based on reverse communication},
  author={M{\'e}tivier, Ludovic and Brossier, Romain},
  journal={Geophysics},
  volume={81},
  number={2},
  pages={F1--F15},
  year={2016},
  publisher={Society of Exploration Geophysicists}
}

@article{shin2001improved,
  title={Improved amplitude preservation for prestack depth migration by inverse scattering theory},
  author={Shin, Changsoo and Jang, Seonghyung and Min, Dong-Joo},
  journal={Geophysical prospecting},
  volume={49},
  number={5},
  pages={592--606},
  year={2001},
  publisher={Wiley Online Library}
}

@article{dai1999nonlinear,
  title={A nonlinear conjugate gradient method with a strong global convergence property},
  author={Dai, Yu-Hong and Yuan, Yaxiang},
  journal={SIAM Journal on Optimization},
  volume={10},
  number={1},
  pages={177--182},
  year={1999},
  publisher={SIAM}
}

@article{nocedal1980updating,
  title={Updating quasi-Newton matrices with limited storage},
  author={Nocedal, Jorge},
  journal={Mathematics of computation},
  volume={35},
  number={151},
  pages={773--782},
  year={1980}
}

@article{castellanos2015fast,
  title={Fast full waveform inversion with source encoding and second-order optimization methods},
  author={Castellanos, Clara and M{\'e}tivier, Ludovic and Operto, St{\'e}phane and Brossier, Romain and Virieux, Jean},
  journal={Geophysical Journal International},
  volume={200},
  number={2},
  pages={718--742},
  year={2015},
  publisher={Oxford University Press}
}

@book{sheriff1995exploration,
  title={Exploration seismology},
  author={Sheriff, Robert E and Geldart, Lloyd P},
  year={1995},
  publisher={Cambridge university press}
}

@inproceedings{shah2012quality,
  title={Quality assured full-waveform inversion: Ensuring starting model adequacy},
  author={Shah, Nikhil and Warner, Mike and Nangoo, Tenice and Umpleby, Adrian and Stekl, Ivan and Morgan, Jo and Guasch, Llu{\'\i}s and others},
  booktitle={Proceedings of the 82nd Annual International Meeting},
  year={2012}
}

@article{courant1967partial,
  title={On the partial difference equations of mathematical physics},
  author={Courant, Richard and Friedrichs, Kurt and Lewy, Hans},
  journal={IBM journal},
  volume={11},
  number={2},
  pages={215--234},
  year={1967}
}

@article{moczo20023d,
  title={3D heterogeneous staggered-grid finite-difference modeling of seismic motion with volume harmonic and arithmetic averaging of elastic moduli and densities},
  author={Moczo, Peter and Kristek, Jozef and Vavry{\v{c}}uk, V{\'a}clav and Archuleta, Ralph J and Halada, Ladislav},
  journal={Bulletin of the Seismological Society of America},
  volume={92},
  number={8},
  pages={3042--3066},
  year={2002},
  publisher={Seismological Society of America}
}

